% -----------------------------------------------------------------
%        File: bibliography.bib
% Description: The bibliography
%      Author: Andrew Parlane
% -----------------------------------------------------------------

% This file is part of https://github.com/andrewparlane/fiuba_thesis
% Copyright (c) 2022 Andrew Parlane.
%
% This is free software: you can redistribute it and/or modify it under
% the terms of the GNU General Public License as published by the Free
% Software Foundation, version 3.
%
% This program is distributed in the hope that it will be useful, but
% WITHOUT ANY WARRANTY; without even the implied warranty of
% MERCHANTABILITY or FITNESS FOR A PARTICULAR PURPOSE. See the GNU
% General Public License for more details.
%
% You should have received a copy of the GNU General Public License
% along with this code. If not, see <http://www.gnu.org/licenses/>.

% see:
% https://ctan.dcc.uchile.cl/macros/latex/contrib/biblatex/doc/biblatex.pdf
% https://www.overleaf.com/learn/latex/Bibliography_management_in_LaTeX

% UNSE_2019_parte-2.pdf
@unpublished{UNSE_2019,
  author = {Dr. Ing. Mariano Garcia Inza},
  title = {Diseño de sensores CMOS de radiación ionizante},
  year = {2019}
}

% Quality Assurance in Radiotherapy
@book{qa_in_radiotherapy,
  title     = "Quality Assurance in Radiotherapy",
  publisher = "World Health Organization",
  month     =  dec,
  year      =  1988,
  address   = "Geneva, Switzerland",
  isbn      = 9241542241
}

% AAPM 1994
@techreport{AAPM-1994,
  doi = {10.37206/45},
  year = {1994},
  publisher = {{AAPM}},
  author = {Gerald J. Kutcher and Lawrence Coia and Michael Gillin and William F. Hanson and Steven Leibel and Robert J. Morton and Jatinder R. Palta and James A. Purdy and Lawrence E. Reinstein and Goran K. Svensson and Mona Weller and Linda Wingfield},
  title = {Comprehensive {QA} for Radiation Oncology}
}

% ICRP 2000
@BOOK{ICRP-2000,
  title     = "{ICRP} publication 86",
  subtitle  = "Prevention of Accidents to Patients Undergoing Radiation Therapy",
  author    = "{ICRP}",
  publisher = "Elsevier Health Sciences",
  series    = "Annals of the ICRP",
  year      =  2000,
  address   = "London, England"
}

% MOSFET Mismatch Aplification
@ARTICLE{mosfet_mismatch_amplification,
  author={Garcia-Inza, Mariano and Carbonetto, Sebastián H. and Lipovetzky, José and Faigon, Adrian},
  journal={IEEE Transactions on Nuclear Science},
  title={Radiation Sensor Based on MOSFETs Mismatch Amplification for Radiotherapy Applications},
  year={2016},
  volume={63},
  number={3},
  pages={1784-1789},
  doi={10.1109/TNS.2016.2560172}
}

% 6MV LINAC
@article{6MV_LINAC,
  title = {6MV LINAC characterization of a MOSFET dosimeter fabricated in a CMOS process},
  journal = {Radiation Measurements},
  volume = {117},
  pages = {63-69},
  year = {2018},
  issn = {1350-4487},
  doi = {10.1016/j.radmeas.2018.07.009},
  author = {M. Garcia-Inza and M. Cassani and S. Carbonetto and M. Casal and E. Redín and A. Faigón},
}

% Arana Leandro Javier Tesis
@thesis{Arana_thesis,
  author = "Arana Leandro Javier",
  title = "Interfaz RFID para dosimetría
MOS de aplicación médica",
  institution = "Universidad de Buenos Aires",
  year = "2018"
}

% Fabricio Alcalde EAMTA Paper
@article{fabricio_eamta,
  author={Alcalde, Fabricio and Alpago, Octavio and Lipovetsky, José},
  title={CMOS design of an RFID interface compatible with ISO/IEC-14443 type a protocol},
  year={2014},
  doi={10.1109/EAMTA.2014.6906077}
}

% Monolithic 180nm
@article{monolithic_180nm,
  title = {A monolithic 180 nm CMOS dosimeter for wireless In Vivo Dosimetry},
  journal = {Radiation Measurements},
  volume = {84},
  pages = {55-64},
  year = {2016},
  issn = {1350-4487},
  doi = {10.1016/j.radmeas.2015.11.004},
  author = {E.G. Villani and M. Crepaldi and D. DeMarchi and A. Gabrielli and A. Khan and E. Pikhay and Y. Roizin and A. Rosenfeld and Z. Zhang},
}

% https://www.campusidnews.com/is-the-debate-still-relevant-an-in-depth-look-at-iso-14443-and-its-competing-interface-types/
@online{14443_a_vs_b,
  author = "CampusIDNews Staff",
  title = "IS THE DEBATE STILL RELEVANT? An in-depth look at ISO 14443 and its competing interface types",
  year = "2003",
  url = "https://www.campusidnews.com/is-the-debate-still-relevant-an-in-depth-look-at-iso-14443-and-its-competing-interface-types/"
}

% ISO/IEC 14443-1:
@techreport{iso14443-1,
  type = {Standard},
  url = {https://www.iso.org/standard/28728.html},
  year = {1999},
  title = {Identification Cards -- Contactless integrated circuit card(s) -- Proximity cards -- Part 1: Physical characteristics},
  institution = {International Organization for Standardization, International Electrotechnical Commission},
  author = {{ISO Central Secretary}},
  shorttitle = {ISO/IEC FDIS 14443-1:1999(E)},
  language = {en},
  number = {ISO/IEC FDIS 14443-1:1999(E)},
}

% ISO/IEC 14443-2:
@techreport{iso14443-2,
  type = {Standard},
  url = {https://www.iso.org/standard/66288.html},
  year = {2016},
  title = {Identification cards -- Contactless integrated circuit cards -- Proximity cards -- Part 2: Radio frequency power and signal interface},
  institution = {International Organization for Standardization, International Electrotechnical Commission},
  author = {{ISO Central Secretary}},
  shorttitle = {ISO/IEC 14443-2:2016},
  language = {en},
  number = {ISO/IEC 14443-1:2016},
}


% ISO/IEC 14443-3:
@techreport{iso14443-3,
  type = {Standard},
  url = {https://www.iso.org/standard/70171.html},
  year = {2016},
  title = {Identification cards -- Contactless integrated circuit cards -- Proximity cards -- Part 3: Initialization and anticollision},
  institution = {International Organization for Standardization, International Electrotechnical Commission},
  author = {{ISO Central Secretary}},
  shorttitle = {ISO/IEC 14443-3:2016},
  language = {en},
  number = {ISO/IEC 14443-3:2016},
}

% ISO/IEC 14443-4:
@techreport{iso14443-4,
  type = {Standard},
  url = {https://www.iso.org/standard/70172.html},
  year = {2016},
  title = {Identification cards -- Contactless integrated circuit cards -- Proximity cards -- Part 4: Transmission protocol},
  institution = {International Organization for Standardization, International Electrotechnical Commission},
  author = {{ISO Central Secretary}},
  shorttitle = {ISO/IEC 14443-4:2016},
  language = {en},
  number = {ISO/IEC 14443-4:2016},
}

% ISO/IEC 13239:
@techreport{iso13239,
  type = {Standard},
  url = {https://www.iso.org/standard/21474.html},
  year = {1997},
  title = {Information technology -- Telecommunications and information exchange between systems -- High-level data link control (HDLC) procedures},
  author = {{ISO Central Secretary}},
  shorttitle = {ISO/IEC 13239:1997},
  language = {en},
  number = {ISO/IEC 13239:1997},
}

% IEEE 1800 SystemVerilog:
@techreport{ieee1800,
  type = {Standard},
  url = {https://standards.ieee.org/ieee/1800/3989/},
  year = {2009},
  title = {IEEE Standard for SystemVerilog--Unified Hardware Design, Specification, and Verification Language},
  shorttitle = {IEEE 1800-2009},
  language = {en},
  number = {IEEE 1800-2009},
}


% IEEE 1364 Verilog:
@techreport{ieee1364,
  type = {Standard},
  url = {https://standards.ieee.org/ieee/1364/2052/},
  year = {2001},
  title = {IEEE Standard Verilog Hardware Description Language},
  shorttitle = {IEEE 1364-2001},
  language = {en},
  number = {IEEE 1364-2001},
}

% Busting the Myth of synthesisable verilog
@ARTICLE{synthesisable_sv,
  author={Sutherland, Stuart and Mills, Don},
  title={Synthesizing SystemVerilog -- Busting the Myth that SystemVerilog is only for Verification},
  year={2013},
  url = {https://sutherland-hdl.com/papers/2013-SNUG-SV_Synthesizable-SystemVerilog_paper.pdf}
}

% 2020 Report On IC/ASIC Design And Verification Trends
@ARTICLE{verification_trends_2020,
  author={Wilson Research Group},
  title={2020 Wilson Research Group functional verification study -- IC/ASIC functional verification trend report},
  year={2020},
  url = {https://verificationacademy.com/seminars/2020-functional-verification-study/rte/trend-reports}
}

% CRC Generator: http://outputlogic.com/?page_id=321
@online{crcgen,
  author = "OutputLogic.com",
  title = "CRC Generator",
  year = "2009",
  url = "http://outputlogic.com/?page_id=321"
}

% Synchronisation and Arbitration in Digital Systems
@book{synch_arb_in_digital_systems,
  title     = "Synchronization and Arbitration in Digital Systems",
  author    = "David J. Kinniment",
  publisher = "Wiley",
  month     =  jan,
  year      =  2008,
  isbn      = 9780470510827
}

% X-FAB XH018 Digital Standard Cell Libraries Overview
@manual{xfab_dig_libs_overview,
  title = "XH018 Digital Standard Cell Libraries Overview",
  author    = "X-FAB",
  month     = Apr,
  year      = 2018,
  edition   = "Versión 3.7.0"
}

% Milkyway Database Application Note
@manual{milkyway_database_app_note,
  title = "Milkyway\textsuperscript{TM} Database
Application Note",
  author    = "Synopsys",
  month     = Sep,
  year      = 2014,
  edition   = "Versión J-2014.09"
}

% 0.18um-ApplicationNote-Digital_Implementation_Guidelines-v1_1_0.pdf
@manual{dig_imp_guidelines,
  title = "Digital Implementation Guidelines for 180nm Technologies",
  author    = "X-FAB",
  month     = Nov,
  year      = 2018,
  edition   = "Versión V1.1.0"
}

% Static Timing Analysis for Nanometer Designs
@book{sta_for_nm_designs,
  title = "Static Timing Analysis for Nanometer Designs",
  author = "Rakesh Chadha and J. Bhasker",
  publisher = "Springer",
  isbn = "978-0-387-93819-6",
  doi = "10.1007/978-0-387-93820-2",
  year = 2009
}

% Power Compiler User Guide
@manual{power_compiler_ug,
  title = "Power Compiler\textsuperscript{TM} User Guide",
  author    = "Synopsys",
  month     = Sep,
  year      = 2020,
  edition   = "Versión R-2020.09"
}

% Formality User Guide
@manual{formality_ug,
  title = "Formality\textregistered~User Guide",
  author    = "Synopsys",
  month     = Mar,
  year      = 2022,
  edition   = "Versión T-2022.03"
}

% ICC2 Implementation User Guide
@manual{icc2_imp_ug,
  title = "IC Compiler\textsuperscript{TM} II User Guide",
  author    = "Synopsys",
  month     = Oct,
  year      = 2020,
  edition   = "Versión R-2020.09-SP1"
}

% XFAB XH018 Design Rules
@manual{xh018_design_rules,
  title = "Design Rule Specification XH018 - \SI{0.18}{\micro\meter} Modular Mixed Signal HV CMOS",
  author    = "X-FAB",
  month     = jul,
  year      = 2019,
  edition   = "Versión 8.0.1"
}
